@bachelorsthesis{Tsogias2016,
  author       = {Ioannis Tsogias},
  title        = {{Kinematic Analysis of a KUKA YouBot}},
  school       = {National Technical University of Athens},
  year         = {2016},
  url          = {https://dspace.lib.ntua.gr/xmlui/handle/123456789/43358},
  doi          = {10.26240/heal.ntua.12581},
}

@misc{archiveYouBotStore,
	author = {},
	title = {you{B}ot {S}tore --- web.archive.org},
	url = {\url{https://web.archive.org/web/20170318163736/http://www.youbot-store.com/developers/}},
	year = {},
	note = {[Accessed 23-04-2025]},
}

@misc{janpaulusYouBotDriver,
	author = {},
	title = {you{B}ot {D}river --- janpaulus.github.io},
	howpublished = {\url{https://janpaulus.github.io/}},
	year = {},
	note = {[Accessed 23-04-2025]},
}

@misc{githubYoubotOverview,
	author = {},
	title = {youbot - {O}verview --- github.com},
	howpublished = {\url{https://github.com/youbot}},
	year = {},
	note = {[Accessed 23-04-2025]},
}